@book{das1,
  title={Finite Element Concepts},
  author={Dasgupta, Gautam},
  year={2018},
  publisher={Springer},
  doi={https://doi.org/10.1007/978-1-4939-7423-8}
}

@article{das,
  title={Interpolants within convex polygons: Wachspress' shape functions},
  author={Dasgupta, Gautam},
  journal={Journal of Aerospace Engineering},
  volume={16},
  number={1},
  pages={1--8},
  doi = {https://doi.org/10.1061/(ASCE)0893-1321(2003)16:1(1)},
  year={2003},
  publisher={American Society of Civil Engineers}
}
@article{9,
  title={Integration within polygonal finite elements},
  author={Dasgupta, Gautam},
  journal={Journal of Aerospace Engineering},
  volume={16},
  doi={https://doi.org/10.1061/(asce)0893-1321(2003)16:1(9)},
  number={1},
  pages={9--18},
  year={2003},
  publisher={American Society of Civil Engineers}
}

@book{phi,
  title={Triangulations and applications},
  author={Hjelle, {\O}yvind and D{\ae}hlen, Morten},
  year={2006},
 doi = {http://dx.doi.org/10.1007/3-540-33261-8},
  publisher={Springer Science \& Business Media}
}
@book{mo,
  title={Der barycentrische Calcul0: ein neues H{\"u}lfsmittel zur analytischen Behandlung der Geometrie},
  author={M{\"o}bius, August Ferdinand},
  year={1827},
  publisher={Barth}
}
@article{suk1,
  title={On the application of polygonal finite element method for Stokes flow--A comparison between equal order and different order approximation},
  author={Natarajan, Sundararajan},
  journal={Computer Aided Geometric Design},
  volume={77},
  doi={http://dx.doi.org/10.1016/j.cagd.2019.101813},
  pages={101813},
  year={2020},
  publisher={Elsevier}
}
@book{wachs,
  title={Rational bases and generalized barycentrics},
  author={Wachspress, Eugene},
  doi={http://dx.doi.org/10.1007/978-3-319-21614-0},
  year={2016},
  publisher={Springer}
}
@inproceedings{wach71,
  title={A rational basis for function approximation},
  author={Wachspress, Eugene L},
  booktitle={Conference on Applications of Numerical Analysis},
  pages={223--252},
  doi={ https://doi.org/10.1093/imamat/8.1.57 },
  year={1971},
  organization={Springer}
}
@article{1,
  title={Pseudo-harmonic interpolation on convex domains},
  author={Gordon, William J and Wixom, James A},
  journal={SIAM Journal on Numerical Analysis},
  volume={11},
  doi={https://doi.org/10.1137/0711072 },
  number={5},
  pages={909--933},
  year={1974},
  publisher={SIAM}
}
@article{2,
  title={Generalized barycentric coordinates on irregular polygons},
  author={Meyer, Mark and Barr, Alan and Lee, Haeyoung and Desbrun, Mathieu},
  journal={Journal of graphics tools},
  doi={https://doi.org/10.1201/b10628-10 },
  volume={7},
  number={1},
  pages={13--22},
  year={2002},
  publisher={Taylor \& Francis}
}

@article{3,
  title={Mean value coordinates},
  author={Floater, Michael S},
  journal={Computer aided geometric design},
  volume={20},
  number={1},
  pages={19--27},
  doi={ https://doi.org/10.1016/s0167-8396(03)00002-5 },
  year={2003},
  publisher={Elsevier}
}
@article{4,
  title={Shape functions for polygonal domains with interior nodes},
  author={Malsch, Elisabeth Anna and Dasgupta, Gautam},
  journal={International Journal for Numerical Methods in Engineering},
  volume={61},
  number={8},
  pages={1153--1172},
  doi={https://doi.org/10.1002/nme.1099 },
  year={2004},
  publisher={Wiley Online Library}
}

@article{5,
  title={Construction of polygonal interpolants: a maximum entropy approach},
  author={Sukumar, N},
  journal={International journal for numerical methods in engineering},
  volume={61},
  number={12},
  doi={https://doi.org/10.1002/nme.1193 },
  pages={2159--2181},
  year={2004},
  publisher={Wiley Online Library}
}

@article{6,
  title={Mean value coordinates in 3D},
  author={Floater, Michael S and K{\'o}s, G{\'e}za and Reimers, Martin},
  journal={Computer Aided Geometric Design},
  volume={22},
  doi={https://doi.org/10.1016/j.cagd.2005.06.004 },
  number={7},
  pages={623--631},
  year={2005},
  publisher={Elsevier}
}


@article{wach73,
  title={A rational basis for function approximation: II. Curved sides},
  author={Wachspress, Eugene L},
  journal={IMA Journal of Applied Mathematics},
  volume={11},
  number={1},
  pages={83--104},
  doi={https://doi.org/10.1093/imamat/11.1.83 },
  year={1973},
  publisher={Oxford University Press}
}
@article{7,
  title={Generalized barycentric coordinates on irregular polygons},
  author={Meyer, Mark and Barr, Alan and Lee, Haeyoung and Desbrun, Mathieu},
  journal={Journal of graphics tools},
  volume={7},
  doi={https://doi.org/10.1201/b10628-10 },
  number={1},
  pages={13--22},
  year={2002},
  publisher={Taylor \& Francis}
}
@article{10,
  title={Interpolations for temperature distributions: A method for all non-concave polygons},
  author={Malsch, Elisabeth Anna and Dasgupta, Gautam},
  journal={International Journal of Solids and Structures},
  volume={41},
  number={8},
  doi={https://doi.org/10.1016/j.ijsolstr.2003.11.037 },
  pages={2165--2188},
  
  year={2004},
  publisher={Elsevier}
}
@book{wach,
  title={A rational finite element basis.},
  author={Wachspress, Eugene L and EL, WACHSPRESS},
  doi={https://doi.org/10.1016/s0076-5392(09)x6007-8},
  year={1975}
}
@article{warren,
  title={Barycentric coordinates for convex polytopes},
  author={Warren, Joe},
  journal={Advances in Computational Mathematics},
  volume={6},
  number={1},
  pages={97--108},
  year={1996},
  doi={https://doi.org/10.1007/bf02127699 },
  publisher={Springer}
}
@book{11,
  title={Generalized barycentric coordinates in computer graphics and computational mechanics},
  author={Hormann, Kai and Sukumar, N},
  year={2017},
  doi={https://doi.org/10.1201/9781315153452 },
  publisher={CRC press}
}